% Bib item entries goes here.
